@inproceedings{EDEN,
  title={{EDEN: Communication-Efficient and Robust Distributed Mean Estimation for Federated Learning}},
  author={Vargaftik, Shay and Ben Basat, Ran and Portnoy, Amit and Mendelson, Gal and Ben-Itzhak, Yaniv and Mitzenmacher, Michael},
  booktitle={International Conference on Machine Learning},
  year={2022}
}

@inproceedings{vargaftik2021drive,
  title={{DRIVE: One-bit Distributed Mean Estimation}},
  author={Vargaftik, Shay and Ben Basat, Ran and Portnoy, Amit and Mendelson, Gal and Ben-Itzhak, Yaniv and Mitzenmacher, Michael},
  booktitle={NeurIPS},
  year={2021}
}

@misc{APOPT,
    title = {{Advanced Process OPTimizer (APOPT) Solver}},
howpublished = {\url{https://github.com/APMonitor/apopt}}
}

@misc{IPOPT,
    title = {{Interior Point Optimizer (IPOPT) Solver}},
howpublished = {\url{https://coin-or.github.io/Ipopt/}}
}

@misc{basat2023quicfl,
      title={{QUIC}-{FL}: Quick Unbiased Compression for Federated Learning}, 
      author={Ran Ben Basat and Shay Vargaftik and Amit Portnoy and Gil Einziger and Yaniv Ben-Itzhak and Michael Mitzenmacher},
      year={2023},
      eprint={2205.13341},
      archivePrefix={arXiv},
      primaryClass={cs.LG}
}

@article{kami19,
  author       = {Sai Praneeth Karimireddy and
                  Quentin Rebjock and
                  Sebastian U. Stich and
                  Martin Jaggi},
  title        = {Error Feedback Fixes SignSGD and other Gradient Compression Schemes},
  journal      = {CoRR},
  volume       = {abs/1901.09847},
  year         = {2019},
  url          = {http://arxiv.org/abs/1901.09847},
  eprinttype    = {arXiv},
  eprint       = {1901.09847},
  timestamp    = {Sat, 02 Feb 2019 16:56:00 +0100},
  biburl       = {https://dblp.org/rec/journals/corr/abs-1901-09847.bib},
  bibsource    = {dblp computer science bibliography, https://dblp.org}
}