@inproceedings{EDEN,
  title={{EDEN: Communication-Efficient and Robust Distributed Mean Estimation for Federated Learning}},
  author={Vargaftik, Shay and Ben Basat, Ran and Portnoy, Amit and Mendelson, Gal and Ben-Itzhak, Yaniv and Mitzenmacher, Michael},
  booktitle={International Conference on Machine Learning},
  year={2022}
}

@inproceedings{vargaftik2021drive,
  title={{DRIVE: One-bit Distributed Mean Estimation}},
  author={Vargaftik, Shay and Ben Basat, Ran and Portnoy, Amit and Mendelson, Gal and Ben-Itzhak, Yaniv and Mitzenmacher, Michael},
  booktitle={NeurIPS},
  year={2021}
}

@misc{APOPT,
    title = {{Advanced Process OPTimizer (APOPT) Solver}},
howpublished = {\url{https://github.com/APMonitor/apopt}}
}

@misc{IPOPT,
    title = {{Interior Point Optimizer (IPOPT) Solver}},
howpublished = {\url{https://coin-or.github.io/Ipopt/}}
}

@misc{basat2023quicfl,
      title={QUIC-FL: Quick Unbiased Compression for Federated Learning}, 
      author={Ran Ben Basat and Shay Vargaftik and Amit Portnoy and Gil Einziger and Yaniv Ben-Itzhak and Michael Mitzenmacher},
      year={2023},
      eprint={2205.13341},
      archivePrefix={arXiv},
      primaryClass={cs.LG}
}
